@article{gridpp2006,
   author = {{The GridPP Collaboration}},
    title = {{GridPP: Development of the UK Computing Grid for Particle Physics}},
  journal = {J. Phys. G},
     year = {2006},
   volume = {32},
    pages = {N1--N20},
      url = {http://dx/doi.org/10.1088/0954-3899/32/1/N0138},
      doi = {10.1088/0954-3899/32/1/N0138},
    annote = {The key paper to cite for GridPP.*}
}

@article{gridpp2009,
   author = {Britton, D. and others},
    title = {{GridPP: the UK grid for particle physics}},
  journal = {Phil. Trans. R. Soc. A},
     year = {2009},
   volume = {367},
    pages = {2447--2457},
      doi = {10.1098/rsta.2009.0036},
      url = {http://dx.doi.org/10.1098/rsta.2009.0036},
   annote = {The other key paper to cite for GridPP.*}
}

@article{Zuntz2013,
   author = {Zuntz, J. and others},
    title = {{IM3SHAPE: a maximum likelihood galaxy shear measurement code for cosmic gravitational lensing}},
  journal = {MNRAS},
     year = {2013},
   volume = {434},
    pages = {1604--1618},
      doi = {10.1093/mnras/stt1125},
      url = {http://dx.doi.org/10.1093/mnras/stt1125},
   annote = {J. Zuntz's IM3SHAPE code for cosmic shear analysis (LSST Case Study).}
}

@article{Kilbinger2015,
   author = {Kilbinger, M. and others},
    title = {{Cosmology with cosmic shear observations: a review}},
  journal = {Rep. Prog. Phys.},
     year = {2015},
   volume = {78},
    pages = {086901},
      doi = {10.1088/0034-4885/78/8/086901},
      url = {http://dx.doi.org/10.1088/0034-4885/78/8/086901},
   annote = {A review of cosmology using cosmic shear analysis (LSST Case Study).}
}

@Article{Whyntie2015a,
  Author = {Whyntie, T. and others},
  Title = {{Full simulation of the LUCID experiment in the Low Earth Orbit radiation environment}},
  Year = {2015},
  Journal = {JINST},
  Volume = {10},
  Pages = {C03043},
  doi = {10.1088/1748-0221/10/03/C03043},
  url = {http://dx.doi.org/10.1088/1748-0221/10/03/C03043}
}

@article{Tsagkogeorga2015,
  Title = {{A phylogenomic analysis of the role and timing of molecular adaptation in the aquatic transition of cetartiodactyl mammals}},
  Author = {{Tsagkogeorga, G. and others}},
  Journal = {{R. Soc. open sci.}},
  Volume = {2},
  Pages = {150156},
  Year = {2015},
  Month = {September},
  Doi = {10.1098/rsos.150156},
  Url = {http://dx.doi.org/10.1098/rsos.150156},
  Annote = {{Simulating dolphin and whale evolution with GridPP resources.}}
}

@Article{Price2015,
  Author = {Price, T. and others},
  Title = {{Expected proton signal sizes in the PRaVDA Range Telescope for proton Computed Tomography}},
  Year = {2015},
  Journal = {{JINST}},
  Volume = {10},
  Pages = {{P05013}},
  doi = {10.1088/1748-0221/10/05/P05013},
  url = {https://dx.doi.org/10.1088/1748-0221/10/05/P05013}
}

@Article{Poludniowski2015,
  Author = {Poludniowski, G. and others},
  Title = {{Proton radiography and tomography with application to proton therapy}},
  Year = {2015},
  Journal = {{Br. J. Radiol.}},
  Volume = {88},
  Pages = {{20150134}},
  doi = {10.1259/bjr.20150134},
  url = {https://dx.doi.org/10.1259/bjr.20150134}
}

@Article{LHC2008,
  Author = {Evans, L. and Bryant, P.},
  Title = {{LHC Machine}},
  Year = {2008},
  Journal = {{JINST}},
  Volume = {3},
  Pages = {{S08001}},
  doi = {10.1088/1748-0221/3/08/S08001},
  url = {http://dx.doi.org/10.1088/1748-0221/3/08/S08001},
  Annote = {{The LHC in JINST.}}
}

@Article{ALICE2008,
  Author = {{The ALICE Collaboration}},
  Title = {{The ALICE experiment at the CERN LHC}},
  Year = {2008},
  Journal = {{JINST}},
  Volume = {3},
  Pages = {{S08002}},
  doi = {10.1088/1748-0221/3/08/S08002},
  url = {http://dx.doi.org/10.1088/1748-0221/3/08/S08002},
  Annote = {{The ALICE experiment in JINST.}}
}

@Article{ATLAS2008,
  Author = {{The ATLAS Collaboration}},
  Title = {{The ATLAS Experiment at the CERN Large Hadron Collider}},
  Year = {2008},
  Journal = {{JINST}},
  Volume = {3},
  Pages = {{S08003}},
  doi = {10.1088/1748-0221/3/08/S08003},
  url = {http://dx.doi.org/10.1088/1748-0221/3/08/S08003},
  Annote = {{The ATLAS experiment in JINST.}}
}

@Article{CMS2008,
  Author = {{The CMS Collaboration}},
  Title = {{The CMS experiment at the CERN LHC}},
  Year = {2008},
  Journal = {{JINST}},
  Volume = {3},
  Pages = {{S08004}},
  doi = {10.1088/1748-0221/3/08/S08004},
  url = {http://dx.doi.org/10.1088/1748-0221/3/08/S08004},
  Annote = {The CMS detector in JINST.}
}

@article{LHCb2008,
  Author = {{The LHCb Collaboration}},
  Journal = {{JINST}},
  Pages = {{S08005}},
  Title = {{The LHCb Detector at the LHC}},
  Volume = {3},
  Year = {2008},
  Url = {http://dx.doi.org/10.1088/1748-0221/3/08/S08005},
  Doi = {10.1088/1748-0221/3/08/S08005},
  Annote = {The LHCb detector in JINST.}
 }

@Article{CernVM2015,
  Author = {Ganis, G. and others},
  Title = {{Status and Roadmap of CernVM}},
  Year = {2015},
  Journal = {{J. Phys.: Conf. Ser.}},
  Volume = {664},
  Pages = {022018},
  doi = {10.1088/1742-6596/664/2/022018},
  url = {http://dx.doi.org/10.1088/1742-6596/664/2/022018}
}

@Article{CVMFS2015,
  Author = {Blomer, J. and others},
  Title = {{The Evolution of Global Scale Filesystems for Scientific Software Distribution}},
  Year = {2015},
  Journal = {{Computing in Science and Engineering}},
  Volume = {17},
  Issue = {6},
  Pages = {61--71},
  doi = {10.1109/MCSE.2015.111},
  url = {https://doi.org/10.1109/MCSE.2015.111}
}

@Article{DIRAC2010,
  Author = {{Tsaregorodtsev, A. and others}},
  Title = {{DIRAC pilot framework and the DIRAC Workload Management System}},
  Year = {2010},
  Journal = {{J. Phys.: Conf. Ser.}},
  Volume = {219},
  Pages = {062049},
  doi = {10.1088/1742-6596/219/6/062049},
  url = {http://dx.doi.org/10.1088/1742-6596/219/6/062049}
}

@Article{GRIDPPDIRAC2015a,
  Author = {Bauer, D. and others},
  Title = {{The GridPP DIRAC project: Implementation of a multi-VO DIRAC service}},
  Year = {2015},
  Journal = {{J. Phys.: Conf. Ser.}},
  Volume = {664},
  Pages = {062009},
  doi = {10.1088/1742-6596/664/6/062009},
  url = {http://dx.doi.org/10.1088/1742-6596/664/6/062009}
}

@Article{GRIDPPDIRAC2015b,
  Author = {Bauer, D. and others},
  Title = {{The GridPP DIRAC project - DIRAC for non-LHC communities}},
  Year = {2015},
  Journal = {{J. Phys.: Conf. Ser.}},
  Volume = {664},
  Pages = {062036},
  doi = {10.1088/1742-6596/664/6/062036},
  url = {http://dx.doi.org/10.1088/1742-6596/664/6/062036}
}

@techreport{MoEDAL2009,
	Author = {{The MoEDAL Collaboration}},
	ReportNumber = {CERN-LHCC-2009-006 ; MOEDAL-TDR-001},
	Title = {{Technical Design Report of the MoEDAL Experiment}},
        Month = {June},
	Year = {2009},
        Url = {https://cds.cern.ch/record/1181486}
        }

@article{MoEDAL2016a,
	Archiveprefix = {arXiv},
	Author = {{The MoEDAL Collaboration}},
	Eprint = {1604.06645},
	Journal = {JHEP},
        Volume = {2016},
        Pages = {67},
	Primaryclass = {hep-ex},
	Title = {{Search for magnetic monopoles with the MoEDAL prototype trapping detector in 8 TeV proton-proton collisions at the LHC}},
	Year = {2016},
        Doi = {10.1007/JHEP08(2016)067},
        Url = {http://dx.doi.org/10.1007/JHEP08(2016)067},
        Annote = {MoEDAL's MMT results (8 TeV).}
        }

@article{ATLAS2012c,
	Archiveprefix = {arXiv},
	Author = {{ATLAS Collaboration}},
	Doi = {10.1016/j.physletb.2012.08.020},
	Eprint = {1207.7214},
	Journal = {Phys. Lett. B},
	Pages = {1},
	Primaryclass = {hep-ex},
	Title = {{Observation of a new particle in the search for the Standard Model Higgs boson with the ATLAS detector at the LHC}},
	Volume = {716},
	Year = {2012},
	Url = {http://dx.doi.org/10.1016/j.physletb.2012.08.020},
        Annote = {The ATLAS Higgs discovery paper.}
        }

@article{CMS2012a,
	Archiveprefix = {arXiv},
	Author = {{CMS Collaboration}},
	Doi = {10.1016/j.physletb.2012.08.021},
	Eprint = {1207.7235},
	Journal = {Phys. Lett. B},
	Pages = {30},
	Primaryclass = {hep-ex},
	Title = {{Observation of a new boson at a mass of 125 GeV with the CMS experiment at the LHC}},
	Volume = {716},
	Year = {2012},
	Url = {http://dx.doi.org/10.1016/j.physletb.2012.08.021},
        Annote = {The CMS Higgs discovery paper.}
        }
