%
% TECHNICAL REPORT
% 
@techreport{000000,
  Author = {},
  Title = {},
  Institution = {},
  Year = {},
  Number = {000000},
  Month = {}
}
%
% PAPER
%
%------------------------------------------------------------------------------
@Article{,
  Author = {},
  Title = {},
  Year = {},
  Journal = {},
  Volume = {},
  Pages = {},
  doi = {},
  url = {}
}
%------------------------------------------------------------------------------

%
% Journals
%
%  journal="{N}ucl. {I}nstr. and {M}eth. A",
%  journal="{IEEE Trans. Nucl. Science}",

